<?xml version="1.0" encoding="UTF-8"?><collection xmlns="http://www.loc.gov/MARC21/slim"><record><leader>00576nam--2200205-u-4500</leader><controlfield tag="001">000056788</controlfield><controlfield tag="002">20190705</controlfield><controlfield tag="005">20190705050800</controlfield><controlfield tag="008">190705s1000------------r-----000-0-eng-d</controlfield><datafield ind1=" " ind2=" " tag="040"><subfield code="a">IFIN-HH</subfield></datafield><datafield ind1=" " ind2=" " tag="041"><subfield code="a">eng</subfield></datafield><datafield ind1="1" ind2=" " tag="100"><subfield code="a">Yu, Peter Y</subfield></datafield><datafield ind1="1" ind2="0" tag="245"><subfield code="a">Fundamentals of Semiconductors. Physics and Materials Properties</subfield><subfield code="c">Peter Y. Yu; Manuel Cardona</subfield></datafield><datafield ind1=" " ind2=" " tag="250"><subfield code="a">Second Updated Edition</subfield></datafield><datafield ind1=" " ind2=" " tag="260"><subfield code="a">Berlin</subfield><subfield code="b">Springer</subfield><subfield code="c">1999</subfield></datafield><datafield ind1=" " ind2=" " tag="300"><subfield code="a">VI-IX+620 p</subfield></datafield><datafield ind1=" " ind2=" " tag="500"><subfield code="a">Donatie Dan Brancus</subfield></datafield><datafield ind1="1" ind2=" " tag="700"><subfield code="a">Cardona, Manuel</subfield></datafield><datafield ind1=" " ind2=" " tag="852"><subfield code="a">82732</subfield><subfield code="c">537.31/33</subfield></datafield><datafield ind1=" " ind2=" " tag="CAT"><subfield code="a">SYS</subfield><subfield code="c">20190705</subfield><subfield code="h">050800</subfield></datafield></record></collection>